% \begin{document}
%1
@INPROCEEDINGS{digitalimganalysis,
    author={Roman Gonzalez, Avid},
    booktitle={Centre National d’Etudes Spatiales – CNES, Francia},
    title={Digital images analysis},
    year={2013},
    keywords={images, watermarking, hidden information, image manipulation, fakery},
}
%2
@INPROCEEDINGS{digitalimageprocessing,
    author={BAXES, G. A.},
    booktitle={Digital Image Processing -Principles and Applications.},
    year={1994}
}

@article{kober2002unsharp,
  title={Unsharp masking by the rank-order filters with spatially adaptive neighborhoods},
  author={Kober, Vitaly I and Mozerov, Mikhail G and Alvarez-Borrego, Josue and Ovseyevich, Iosif A},
  journal={PATTERN RECOGNITION AND IMAGE ANALYSIS C/C OF RASPOZNAVANIYE OBRAZOV I ANALIZ IZOBRAZHENII},
  volume={12},
  number={1},
  pages={46--56},
  year={2002},
  publisher={NAUKA/INTERPERIODICA PUBLISHING}
}

%3: shashi2013
@article{PTS+13,
  title={Non-parametric modified histogram equalization for contrast enhancement},
  author={Poddar, Sunrita and Tewary, Suman and Sharma, Divya and Karar, Vinod and Ghosh, Ashish and Pal, Sankar K},
  journal={Image Processing, IET},
  volume={7},
  number={7},
  pages={641--652},
  year={2013},
  publisher={IET}
}
%4
@inproceedings{yu2004fast,
  title={A fast and adaptive method for image contrast enhancement},
  author={Yu, Zeyun and Bajaj, Chandrajit},
  booktitle={Image Processing, 2004. ICIP'04. 2004 International Conference on},
  volume={2},
  pages={1001--1004},
  year={2004},
  organization={IEEE}
}
%5
@article{hashemi2010image,
  title={An image contrast enhancement method based on genetic algorithm},
  author={Hashemi, Sara and Kiani, Soheila and Noroozi, Navid and Moghaddam, Mohsen Ebrahimi},
  journal={Pattern Recognition Letters},
  volume={31},
  number={13},
  pages={1816--1824},
  year={2010},
  publisher={Elsevier}
}
%6
@article{jenifer2016contrast,
  title={Contrast enhancement and brightness preserving of digital mammograms using fuzzy clipped contrast-limited adaptive histogram equalization algorithm},
  author={Jenifer, Sheeba and Parasuraman, S and Kadirvelu, Amudha},
  journal={Applied Soft Computing},
  volume={42},
  pages={167--177},
  year={2016},
  publisher={Elsevier}
}
%7
@INPROCEEDINGS{morebrizuela2014,
    author={Moré, Luis G. and Brizuela, Marcos A. and Vázquez Noguera, José Luis and Pinto-Roa, Diego P. and Legal Ayala, Horacio},
    booktitle={Proceedings of the 3rd. Conference of Computational Interdisciplinary Sciences},
    title={Particle Swarm Optimization applied to parameter tuning of CLAHE based on Entropy and Structural Similarity Index},
    year={2014},
    month={Oct},
    keywords={contrast enhancement, particle swarm optimization, structural similarity index, entropy, contrast limited adaptive histogram equalization},
}
%8
@inproceedings{coello2001short,
  title={A short tutorial on evolutionary multiobjective optimization},
  author={Coello, Carlos A Coello Coello},
  booktitle={International Conference on Evolutionary Multi-Criterion Optimization},
  pages={21--40},
  year={2001},
  organization={Springer}
}
%9
@INPROCEEDINGS{1625082,
    author={Frosio, I. and Borghese, N.A.},
    booktitle={Biomedical Imaging: Nano to Macro, 2006. 3rd IEEE International Symposium on},
    title={Real time enhancement of cephalometric radiographies},
    year={2006},
    month={April},
    pages={972-975},
    doi={10.1109/ISBI.2006.1625082},
}
%10
@INPROCEEDINGS{4712472,
    author={Xuanqin Mou and Min Zhang},
    booktitle={Image Processing, 2008. ICIP 2008. 15th IEEE International Conference on},
    title={Nonlinear multi-scale contrast enhancement for chest radiograph},
    year={2008},
    month={Oct},
    pages={3184-3187},
    doi={10.1109/ICIP.2008.4712472},
    ISSN={1522-4880},
}
%11
@INPROCEEDINGS{5360176,
    author={Parveen, N.R.S. and Sathik, M.M.},
    booktitle={Computer Technology and Development, 2009. ICCTD '09. International Conference on},
    title={Enhancement of Bone Fracture Images by Equalization Methods},
    year={2009},
    month={Nov},
    volume={2},
    pages={391-394},
    doi={10.1109/ICCTD.2009.115},
}
%12
@book{russ2010,
  title = {The image processing handbook},
  author = {Russ, John C},
  year = {2010},
  publisher = {CRC press},
  address = {Florida - USA}
}
%13
@book{handbook2000,
 author = {Bankman, I.N.},
 title = {Handbook of Medical Imaging. Processing and Analysis},
 year = {2000},
 publisher = {Academic Press},
 address = {USA}
}
%14
@conference{kwok2006,
 author = {Kwok, Ngai Ming and Ha, Quang Phuc and Liu, DK and Fang, Gu},
 title = {Intensity-Preserving Contrast Enhancement for Gray-Level Images using Multi-objective Particle Swarm Optimization},
 booktitle = {IEEE International Conference on Automation Science and Engineering},
 year = {2006},
 month = {October},
 isbn = {1-4244-0311-1},
 pages = {21-26},
 address  = {Shangai, China},
 publisher = {IEEE}
}
%15
@incollection{kwok2013,
 author = {Kwok, NM and Wang, D and Ha, QP and Fang, G and Chen, SY},
 title = {Locally-Equalized Image Contrast Enhancement Using PSO-Tuned Sectorized Equalization},
 booktitle = {Computational Intelligence in Image Processing},
 publisher = {Springer Berlin Heidelberg},
 year = {2013},
 isbn = {978-3-642-30621-1},
 pages = {21-36},
 numpages = {16}
}

%16
@article{procesamientoimagen,
  title={Preprocesamiento de imágenes aplicadas a mamografías digitales},
  author={Alvarez, Damián and Guevara, Marta and Holguín, Germán},
  year={2006}
}
%17 balvant2011
@ARTICLE{SMG11, 
author={Singh, B. and Mishra, R.S. and Gour, P.}, 
journal={International Journal of Computer Technology and Electronics Engineering}, 
title={Analysis of contrast enhancement techniques for underwater image},
volume = {1},
number = {2},
year={2011}, 
month={Oct},  
pages={2,14,15,21,31, 190-194}, 
publisher = {IJCTEE},
}
%18
@article{byong2013,
 author = {Min, Byong Seok and Lim, Dong Kyun and Kim, Seung Jong and Lee, Joo Heung},
 title = {A Novel Method of Determining Parameters of CLAHE Based on Image Entropy},
 journal = {International Journal of Software Engineering and Its Applications},
 year = {2013},
 month = {September},
 issn = {1738-9984},
 volume = {7},
 number = {5},
 publisher = {SERSC},
 pages = {113-120}
}
%19
@conference{hashemi2009,
 title = {An image contrast enhancement method based on genetic algorithm},
 author = {Hashemi, Sara and Kiani, Soheila and Noroozi, Navid and Moghaddam, Mohsen Ebrahimi},
 booktitle = {2009 International Conference on Digital Image Processing},
 year = {2009},
 month = {March},
 isbn = {978-0-7695-3565-4},
 publisher = {IEEE},
 pages = {167-171},
 address = {Bangkok}
}

%20
@article{Shanmugavadivu2011,
 author = {Shanmugavadivu, P and Balasubramanian, K and Somasundaram, K},
 title = {Modified Histogram Equalization For Image Contrast Enhancement Using Particle Swarm Optimization},
 journal = {International Journal of Computer Science, Engineering and Information Technology},
 year = {2011},
 month = {December},
 volume = {1},
 number = {5},
 publisher = {IJCSEIT},
 pages = {13-27}
}
%21
@article{chulwoo2013,
 author = {Lee, Chulwoo and Lee, Chul and Kim, Chang-Su},
 title = {Contrast Enhancement Based on Layered Difference Representation of 2D Histograms},
 journal = {IEEE Transactions on Image Processing},
 year = {2013},
 month = {December},
 issn = {1057-7149},
 volume = {22},
 number = {12},
 publisher = {IEEE},
 pages = {5372-5384}
}
%22
@inproceedings{conf/cbms/Kurak91,
 author = {Kurak Jr, Charles W},
 title = {Adaptive histogram equalization: a parallel implementation},
 booktitle = {CBMS},
 isbn = {0-8186-2164-8},
 pages = {192-199},
 publisher = {IEEE},
 year = 1991
}
%23
@article{Zuiderveld1994,
 author = {Zuiderveld, Karel},
 title = {Contrast Limited Adaptive Histogram Equalization},
 booktitle = {Graphics Gems IV},
 year = {1994},
 isbn = {0-12-336155-9},
 pages = {474--485},
 publisher = {Academic Press Professional, Inc.}
} 
%24
@article{MR13,
 author = {Mohan, Shelda and Ravishankar, M},
 title = {Optimized Histogram Based Contrast Limited Enhancement for Mammogram Images},
 journal = {ACEEE Int. J. on Information Technology},
 year = {2013},
 month = {March},
 issn = {2158-0138},
 volume = {3},
 number = {1},
 publisher = {ACEEE},
 pages = {66-71}
}
%25
@article{pisano1998,
 title = {Contrast Limited Adaptive Histogram Equalization image processing to improve the detection of simulated spiculations in dense mammograms},
 author = {Pisano, Etta D and Zong, Shuquan and Hemminger, Bradley M and DeLuca, Marla and Johnston, R Eugene and Muller, Keith and Braeuning, M Patricia and Pizer, Stephen M},
 year = {1998},
 issn = {0897-1889},
 journal = {Journal of Digital Imaging},
 volume = {11},
 number = {4},
 publisher = {Springer-Verlag},
 pages = {193-200}
}

%26
@article{nesmachnow2004version,
  author={Nesmachnow, Sergio},
  title={Una versi{\'o}n paralela del algoritmo evolutivo para optimizaci{\'o}n multiobjetivo NSGA-II y su aplicaci{\'o}n al dise{\~n}o de redes de comunicaciones confiables},
  journal={Reportes T{\'e}cnicos 04-03},
  year={2004},
  publisher={UR. FI--INCO.}
}
%27
@phdthesis{cuartasmetodologia,
  title={Metodolog{\'\i}a para la optimizaci{\'o}n de m{\'u}ltiples objetivos basada en ag y uso de preferencias},
  author={Cuartas Torres, Bibiana Andrea and others},
  school={Universidad Nacional de Colombia}
}
%28
@book{lima2007,
 author={Lima M., Joaquín Q.},
 title={Optimización de Enjambre de Partículas aplicada al problema del cajero viajante bi-objetivo},
 year={2007},
}

%29
@article{BenTal2002RobustO,
  title={Robust optimization - methodology and applications},
  author={Aharon Ben-Tal and Arkadi Nemirovski},
  journal={Math. Program.},
  year={2002},
  volume={92},
  pages={453-480}
}

%30
@article{Deb2006IntroducingRI,
  title={Introducing Robustness in Multi-Objective Optimization},
  author={Kalyanmoy Deb and Himanshu Gupta},
  journal={Evolutionary computation},
  year={2006},
  volume={14 4},
  pages={463-94}
}

%31
@book{swarmintelligence,
  title={Swarm Intelligence},
  author={J. Kennedy, R. Eberhart, and Y. Shi},
  year={2001},
  pages={512},
  publisher={Morgan Kaufmann}
}
%32
@article{neuralnetworks,
  title={Particle swarm optimization Proceedings of the International Conference on Neural Networks},
  author={Kennedy, J and Eberhart, R},
  journal={Australia IEEE},
  volume={1948},
  year={1942}
}
%33
@article{fuzzyswarmoptimization,
  title={A First Study of Fuzzy Cognitive Maps Learning Using Particle Swarm Optimization},
  author={Parsopoulos k.,Papageorgiou E., Groumpos P., Vrahatis M.},
  journal={IEEE Congress on Evolutionary Computation},
  year={2003}
}
%34
@article{imageswarmoptimization,
  title={Image Classification using Particle Swarm Optimization},
  author={Omran M.,Salman A. and Engelbrecht A.},
  journal={4th Asia-Pacific Conference on Simulated Evolution and Learning},
  year={2002}
}
%35
@INPROCEEDINGS{RC05,
  author = {M. Reyes and C.A. {Coello Coello}},
  title = {Improving PSO-based Multi-objective Optimization Using Crowding,
	Mutation and $\epsilon$-dominance},
  booktitle = {Third International Conference on Evolutionary Multi\-Criterion Optimization,
	EMO 2005},
  year = {2005},
  editor = {C.A. Coello and A. Hern\'{a}ndez and E. Zitler},
  volume = {3410},
  series = {LNCS},
  pages = {509-519},
  publisher = {Springer},
  optaddress = {Berlin, Germany},
}
%36
@book{daumasjara,
 author={Daumas Ladouce, Federico J. and Jara G., Diana E.},
 title={Ecualización del histograma en un contexto Multiobjetivo Pareto},
 year={2016},
}
%37
@inproceedings{smpso,
  title={Smpso: A new pso-based metaheuristic for multi-objective optimization},
  author={Nebro, Antonio J. and Durillo, Juan José and Garcia-Nieto, José and Coello, C. and Luna, Francisco and Alba, Enrique},
  booktitle={Computational intelligence in miulti-criteria decision-making, 2009. mcdm'09. ieee symposium on},
  pages={66--73},
  year={2009},
  organization={IEEE}
}
%38
@article{NSGA,
  title={A fast and elitist multiobjective genetic algorithm: NSGA-II},
  author={Kalyanmoy Deb},
  journal={IEEE transactions on evolutionary computation},
  year={2002}
}
%39
@article{polinomial,
  title={Multi-objective optimization using evolutionary algorithms.},
  author={Kalyanmoy Deb},
  journal={John Wiley & Sons},
  volume={16},
  year={2001}
}
%40
@article{wang2004,
  title={Image quality assessment: from error visibility to structural similarity},
  author={Wang, Zhou and Bovik, Alan C and Sheikh, Hamid R and Simoncelli, Eero P},
  journal={Image Processing, IEEE Transactions on},
  volume={13},
  number={4},
  pages={600--612},
  year={2004},
  publisher={IEEE}
}

%41
@article{wang2009,
  title={Mean squared error: Love it or leave it? - A new look at signal fidelity measures},
  author={Wang, Zhou and Bovik, Alan C},
  journal={IEEE Signal Processing Magazine},
  volume={26},
  number={1},
  year={2009},
  publisher={IEEE}
}

%42
@book{annadurai2007fundamentals,
  title={Fundamentals of digital image processing},
  author={Annadurai, S},
  year={2007},
  publisher={Pearson Education India}
}
%43
@Article{fsim2011,
author= "L. Zhang, X. Mou, and D. Zhang", 
title = "FSIM: A feature similarity index for image quality assessment",
journal = "IEEE Trans. Image Process.",
page = "2378-2386",
month= "August",
year = "2011"
}
%44
@article{gsim2012,
  title={Image Quality Assessment Based on Gradient Similarity},
  author={Anmin Liu and Weisi Lin and Manish Narwaria},
  journal={IEEE Transactions on Image Processing},
  year={2012},
  volume={21},
  pages={1500-1512}
}

%45
@Article{ltg2014,
  author="K. Gu, G. Zhai, X. Yang  and W. Zhang",
  title=" An efficient color image quality metric with local-tuned-global model",
  journal="IEEE Int. Conf. Image Process",
  pages="506-510",
  year="2014",
 month ="October",
}

%46
@ARTICLE{shannon, 
 author = {Shannon, Claude Elwood},
 journal = {Bell System Technical Journal, The}, 
 title = {A mathematical theory of communication}, 
 year = {1948}, 
 month = {July}, 
 volume = {27}, 
 number = {3}, 
 pages = {379-423}, 
 ISSN = {0005-8580}
}
%47
@book{gimenezlopez,
 author={Giménez, Gabriel A. and López, Lorenzo.},
 title={Registración multimodal intrapaciente de Imágenes Médicas de Cerebro CT-MR 3D- Un enfoque basado en Metaheurísticas},
 year={2017},
}
%48
@ARTICLE{108593, 
    author={Khellaf, A. and Beghdadi, A. and Dupoisot, H.}, 
    journal={Medical Imaging, IEEE Transactions on}, 
    title={Entropic contrast enhancement}, 
    year={1991}, 
    month={Dec}, 
    volume={10}, 
    number={4}, 
    pages={589-592}, 
    doi={10.1109/42.108593}, 
    ISSN={0278-0062},
}

%49
@INPROCEEDINGS{localentropy,
  author={Maji, Pradipta and et Al},
  title={Pattern Recognition and Machine Intelligence},
  booktitle={5th International Conference, PReMI 2013},
  pages={465-473},
  year={2013},
}

%50
@article{localshanonentropy,
    title={Local Shannon Entropy Measure with Statistical Tests for Image Randomness},
    author={Wu, Zhou, Saveriades, Agaian, Noonan, Natarajan},
}

%51 gradiente
@book{jahne1999handbook,
  author={J{\"a}hne, Bernd and Haussecker, Horst and Geissler, Peter},
  title={Handbook of computer vision and applications},
  volume={2},
  year={1999},
  publisher={Citeseer}
}
%52 gradiente2
@article{esquedagradiente,
  author={Esqueda E., M. C. José},
  title={Fundamentos de Procesamiento de Imágenes},
  year={2002}
}
%53
@BOOK{correlacion,
author = {Nieves Hurtado, Antonio and Domínguez, Federico},
year = 2009,
title = {Probabilidad y Estadística para Ingeniería, un enfoque moderno},
chapter = 13,
publisher = {McGraw Hill},
}
%54
@article{Durillo2011,
 author = {Durillo, Juan J and Nebro, Antonio J},
 title = {jMetal: A Java framework for multi-objective optimization},
 journal = {Advances in Engineering Software},
 volume = {42},
 pages = {760-771},
 year = {2011},
 issn = {0965-9978}
}
%55
@BOOK{gonzales1996procesamiento,
  title={Procesamiento digital de imagenes},
  author={Gonzales, Rafael C and Woods, Richard E},
  year={1996},
  publisher={Addison-Wesley Iberoamericana SA, USA}
}

@INPROCEEDINGS{hypervolume,
    author={Zitzler E., Thiele L.},
    booktitle={Eiben A.E., Bäck T., Schoenauer M., Schwefel HP. (eds) Parallel Problem Solving from Nature PPSN V. PPSN 1998. Lecture Notes in Computer Science},
    title={Multiobjective optimization using evolutionary algorithms,A comparative case study},
    publisher = {Springer},
    optaddress = {Berlin, Heidelberg},
    year={1998}
}

@misc{MatlabOTB,
  key = {MATLAB Optimization Toolbox},
  title = {MATLAB Optimization Toolbox},
  note = {The MathWorks, Natick, MA, USA}
}

@article{zitzler2003performance,
  title={Performance assessment of multiobjective optimizers: An analysis and review},
  author={Zitzler, Eckart and Thiele, Lothar and Laumanns, Marco and Fonseca, Carlos M and Da Fonseca, Viviane Grunert},
  journal={IEEE Transactions on evolutionary computation},
  volume={7},
  number={2},
  pages={117--132},
  year={2003},
  publisher={IEEE}
}

@inproceedings{shah2016pareto,
  title={Pareto frontier learning with expensive correlated objectives},
  author={Shah, Amar and Ghahramani, Zoubin},
  booktitle={International Conference on Machine Learning},
  pages={1919--1927},
  year={2016}
}